<?xml version="1.0" encoding="UTF-8"?><record xmlns="http://www.loc.gov/MARC21/slim" xmlns:cinclude="http://apache.org/cocoon/include/1.0" xmlns:zs="http://www.loc.gov/zing/srw/">
  <leader>00422cz  a2200133n  4500</leader>
  <controlfield tag="001">n  87100461 </controlfield>
  <controlfield tag="003">DLC</controlfield>
  <controlfield tag="005">20080413075617.0</controlfield>
  <controlfield tag="008">870602n| acannaabn          |n aad      </controlfield>
  <datafield tag="010" ind1=" " ind2=" ">
    <subfield code="a">n  87100461 </subfield>
  </datafield>
  <datafield tag="035" ind1=" " ind2=" ">
    <subfield code="a">(OCoLC)oca01873281</subfield>
  </datafield>
  <datafield tag="040" ind1=" " ind2=" ">
    <subfield code="a">DLC</subfield>
    <subfield code="b">eng</subfield>
    <subfield code="c">DLC</subfield>
    <subfield code="d">OCoLC</subfield>
  </datafield>
  <datafield tag="100" ind1="1" ind2=" ">
    <subfield code="a">Burgard, Renee</subfield>
  </datafield>
  <datafield tag="670" ind1=" " ind2=" ">
    <subfield code="a">nuc87-51492: Smith, M. A manual on rural medical practice, 1983</subfield>
    <subfield code="b">(hdg. on CLU-M rept.: Burgard, Renee; usage: Renee Burgard)</subfield>
  </datafield>
</record>